% dbconf2025.bib